[gd_scene load_steps=16 format=2]

[ext_resource path="res://Player/Bullet.gd" type="Script" id=1]
[ext_resource path="res://images/trail.png" type="Texture" id=2]

[sub_resource type="SphereShape" id=1]
radius = 0.314494

[sub_resource type="SphereShape" id=2]
radius = 0.538351

[sub_resource type="SpatialMaterial" id=3]
flags_transparent = true
params_billboard_mode = 1
params_billboard_keep_scale = true
albedo_texture = ExtResource( 2 )
emission_enabled = true
emission = Color( 0, 0, 0, 1 )
emission_energy = 5.0
emission_operator = 0
emission_on_uv2 = false
emission_texture = ExtResource( 2 )

[sub_resource type="Curve" id=4]
min_value = -360.0
max_value = 360.0
_data = [ Vector2( 0, 351 ), 0.0, 0.0, 0, 0, Vector2( 0.990566, -257.727 ), 0.0, 0.0, 0, 0 ]

[sub_resource type="CurveTexture" id=5]
curve = SubResource( 4 )

[sub_resource type="Curve" id=6]
min_value = -200.0
max_value = 200.0
_data = [ Vector2( 0, 100 ), 0.0, 0.0, 0, 0, Vector2( 1, -136.364 ), 0.0, 0.0, 0, 0 ]

[sub_resource type="CurveTexture" id=7]
curve = SubResource( 6 )

[sub_resource type="Curve" id=8]
_data = [ Vector2( 0, 0.243182 ), 0.0, 0.0, 0, 0, Vector2( 0.466981, 0.888636 ), 0.0, 0.0, 0, 0, Vector2( 1, 0.435227 ), 0.0, 0.0, 0, 0 ]

[sub_resource type="CurveTexture" id=9]
curve = SubResource( 8 )

[sub_resource type="Curve" id=10]
_data = [ Vector2( 0, 1 ), 0.0, 0.0, 0, 0, Vector2( 1, 0.118182 ), 0.0, 0.0, 0, 0 ]

[sub_resource type="CurveTexture" id=11]
curve = SubResource( 10 )

[sub_resource type="ParticlesMaterial" id=12]
lifetime_randomness = 0.12
trail_size_modifier = SubResource( 11 )
emission_shape = 3
emission_point_count = 1
direction = Vector3( 0, 0, 1 )
spread = 4.74
gravity = Vector3( 0, 0, 0 )
initial_velocity = 5.0
initial_velocity_random = 0.5
angular_velocity = 100.0
angular_velocity_curve = SubResource( 5 )
linear_accel = 14.04
radial_accel = 21.05
radial_accel_curve = SubResource( 7 )
scale_curve = SubResource( 9 )
hue_variation = -1.0

[sub_resource type="QuadMesh" id=13]

[node name="Bullet" type="RigidBody"]
collision_layer = 8
collision_mask = 4
mass = 0.8
axis_lock_linear_x = true
axis_lock_linear_y = true
axis_lock_angular_x = true
axis_lock_angular_y = true
axis_lock_angular_z = true
linear_velocity = Vector3( 0, 0, 0.5 )
script = ExtResource( 1 )
BULLET_SPEED = 30.0

[node name="CollisionShape" type="CollisionShape" parent="."]
shape = SubResource( 1 )
disabled = true

[node name="DespawnTimer" type="Timer" parent="."]

[node name="Area" type="Area" parent="." groups=[
"Bullets",
]]
collision_layer = 8
collision_mask = 4

[node name="CollisionShape" type="CollisionShape" parent="Area"]
shape = SubResource( 2 )

[node name="Particles" type="Particles" parent="."]
material_override = SubResource( 3 )
use_in_baked_light = true
amount = 15
lifetime = 0.3
randomness = 1.0
visibility_aabb = AABB( -4, -4, -7.14228, 8, 8, 14.2846 )
process_material = SubResource( 12 )
draw_pass_1 = SubResource( 13 )
[connection signal="timeout" from="DespawnTimer" to="." method="_on_DespawnTimer_timeout"]
[connection signal="body_entered" from="Area" to="." method="_on_Area_body_entered"]
